@online{DEISI,
    author  = {DEISI},
    title   = {Regulamento do Trabalho Final de Curso},
    url     = {https://deisi.ulusofona.pt},
    year    = {2023},
    urldate = {2023-09}
}

@online{UL,
    author  = {UL},
    title   = {Universidade Lusófona},
    url     = {https://www.ulusofona.pt},
    year    = {2023},
    urldate = {2023-09}
}

@Manual{ulthesis-manual,
	title        = {{The Lusófona \LaTeX\ Template User's Manual}},
	author       = {João P. Matos-Carvalho},
	organization = {Lusófona University},
	year         = {2024},
	url          = {https://github.com/jpmcarvalho/UL-Thesis},
	keywords =     {ulthesis-manual},
}

@article{elsner2010disentangling,
    author  = {Elsner, Micha and Charniak, Eugene},
    title   = {Disentangling Chat},
    journal = {Computational Linguistics},
    year    = {2010}
}

@book{pustejovsky2012natural,
  title={Natural Language Annotation for Machine Learning: A Guide to Corpus-Building for Applications},
  author={Pustejovsky, James and Stubbs, Amber},
  year={2012},
  publisher={O'Reilly Media}
}

@online{prototype,
    author  = {Lopes, Fábio},
    title   = {Annotation tool for chat disentanglement},
    url     = {https://github.com/fabiofalopes/annotation_ui},
    year    = {2024},
    urldate = {2024-11}
}

@online{brat-repo,
    title   = {BRAT Rapid Annotation Tool},
    url     = {https://github.com/nlplab/brat/tree/master},
    year    = {2024},
    urldate = {2024-11}
}

@online{brat-about,
    title   = {About BRAT},
    url     = {https://brat.nlplab.org/about.html},
    year    = {2024},
    urldate = {2024-11}
}

@online{doccano-repo,
    title   = {Doccano},
    url     = {https://github.com/doccano/doccano/},
    year    = {2024},
    urldate = {2024-11}
}

@online{doccano-docs,
    title   = {Doccano Developer Guide},
    url     = {https://doccano.github.io/doccano/developer_guide/},
    year    = {2024},
    urldate = {2024-11}
}